@misc{owasp,
  author = {OWASP},
  title = {Open Web Application Security Project},
  howpublished = {\url{https://www.owasp.org/}},
  note = {Accessed: 2015-11-22}
}

@misc{owasp_csrf,
  author = {OWASP},
  title = {Cross-Site Request Forgery},
  howpublished = {\url{https://www.owasp.org/index.php/Cross-Site_Request_Forgery_%28CSRF%29}},
  date = {2015-10-14},
  note = {Accessed: 2015-11-22}
}

@misc{owasp_top_ten,
  author = {OWASP},
  title = {OWASP Top Ten Project},
  howpublished = {\url{https://www.owasp.org/index.php/Category:OWASP_Top_Ten_Project}},
  note = {Accessed: 2015-11-22}
}

@misc{wikipedia,
  author    = "Wikipedia",
  title     = "Wikipedia - Cross-site request forgery",
  howpublished = "\url{https://en.wikipedia.org/wiki/Cross-site_request_forgery}",
  year     = "2015",
  month    = "10",
  note     = ""
}

@misc{popular_csrf_attacks,
  author = "Zeller, Bill",
  title = "Popular Websites Vulnerable to Cross-Site Request Forgery Attacks",
  howpublished = "\url{https://freedom-to-tinker.com/blog/wzeller/popular-websites-vulnerable-cross-site-request-forgery-attacks/}",
  year = "2008",
  month = "10"
}

@misc{owasp_csrf_presentation,
  author = "Carter, Stephen",
  title = "Cross-site Request Forgery (CSRF)",
  howpublished = "\url{https://www.owasp.org/images/2/26/CSRF_062209.pdf}",
  year = "2008"
}
  
@techreport{rfc2616,
   AUTHOR = "Fielding, R. and Frystyk, H. and Masinter, L. and Leach, P. and Berners-Lee, T.",
   TITLE = "{Hypertext Transfer Protocol -- HTTP/1.1}",
   HOWPUBLISHED = {Internet Requests for Comments},
   TYPE="{RFC}",
   NUMBER=2616,
   YEAR = {1999},
   MONTH = {June},
   URL={https://www.ietf.org/rfc/rfc2616.txt}
}

@misc{gmail_contact_list_csrf,
  author = "Walker, Joe",
  title = "CSRF Attacks or How to avoid exposing your GMail contacts",
  howpublished = "\url{http://incompleteness.me/blog/2007/01/01/csrf-attacks-or-how-to-avoid-exposing-your-gmail-contacts/}",
  year = "2007",
  month = "01"
}

@misc{gmail_contact_list_csrf2,
  author = "Almaer, Dion",
  title = "Gmail CSRF Security Flaw",
  howpublished = "\url{http://ajaxian.com/archives/gmail-csrf-security-flaw}",
  year = "2007",
  month = "01"
}

@misc{gmail_hijack_csrf,
  author = "Mutton, Paul",
  title = "Google Fixes Gmail Cross-site Request Forgery Vulnerability",
  howpublished = "\url{http://news.netcraft.com/archives/2007/09/30/google_fixes_gmail_crosssite_request_forgery_vulnerability.html}",
  year = "2007",
  month = "09"
}

@misc{gmail_hijack_csrf2,
  author = "Airey, David",
  title = "WARNING: Googleâ€™s Gmail security failure leaves my business sabotaged",
  howpublished = "\url{http://www.davidairey.com/google-gmail-security-hijack/}",
  year = "2007",
  month = "12"
}

@misc{wikipedia_xss,
  author    = "Wikipedia",
  title     = "Wikipedia - Cross-site scripting",
  howpublished = "\url{https://en.wikipedia.org/wiki/Cross-site_scripting}",
  year     = "2015",
  month    = "11",
  note     = ""
}