@misc{owasp,
  author = {OWASP},
  title = {Open Web Application Security Project},
  howpublished = {\url{https://www.owasp.org/}},
  note = {Accessed: 2015-11-22}
}

@misc{owasp_csrf,
  author = {OWASP},
  title = {Cross-Site Request Forgery},
  howpublished = {\url{https://www.owasp.org/index.php/Cross-Site_Request_Forgery_%28CSRF%29}},
  date = {2015-10-14},
  note = {Accessed: 2015-11-22}
}

@misc{owasp_top_ten,
  author = {OWASP},
  title = {OWASP Top Ten Project},
  howpublished = {\url{https://www.owasp.org/index.php/Category:OWASP_Top_Ten_Project}},
  note = {Accessed: 2015-11-22}
}

@misc{wikipedia,
  author    = "Wikipedia",
  title     = "Wikipedia - Cross-site request forgery",
  howpublished = "\url{https://en.wikipedia.org/wiki/Cross-site_request_forgery}",
  year     = "2015",
  month    = "10",
  note     = ""
}

@techreport{rfc2616,
   AUTHOR = "Fielding, R. and Frystyk, H. and Masinter, L. and Leach, P. and Berners-Lee, T.",
   TITLE = "{Hypertext Transfer Protocol -- HTTP/1.1}",
   HOWPUBLISHED = {Internet Requests for Comments},
   TYPE="{RFC}",
   NUMBER=2616,
   YEAR = {1999},
   MONTH = {June},
   URL={https://www.ietf.org/rfc/rfc2616.txt}
}